@online{wiki,
  title   = {{Three men's morris} Wikipedia},
  url     = {https://en.wikipedia.org/wiki/Three_men%27s_morris},
  urldate = {2021-05-20}
}

@inbook{romanmill,
  author    = {Claudia-Maria Behling},
  title     = {Der sog. Rundmühle auf der Spur – Zug um Zug zur Neudeutung römischer Radmuster},
  year      = {2014},
  publisher = {Phoibos Verlag},
  address   = {Wien},
  pages     = {63-70}
}

@inbook{threemensmorris,
  author    = {Bell, R. C},
  title     = {Board and Table Games from Many Civilizations, volume 1},
  year      = {1979},
  publisher = {Dover Publications},
  address   = {New York City},
  pages     = {91-92}
}

@online{wiki-image,
  author  = {Elembis},
  title   = {Copied from Nine Men's Morris.svg and modified., {CC BY-SA 3.0}},
  url     = {https://commons.wikimedia.org/w/index.php?curid=1505603},
  urldate = {2021-05-20}
}

